
@article{dung1995acceptability,
  title={On the acceptability of arguments and its fundamental role in nonmonotonic reasoning, logic programming and n-person games},
  author={Dung, Phan Minh},
  journal={Artificial intelligence},
  volume={77},
  number={2},
  pages={321--357},
  year={1995},
  publisher={Elsevier}
}

@inproceedings{teufel1999annotation,
  title={An annotation scheme for discourse-level argumentation in research articles},
  author={Teufel, Simone and Carletta, Jean and Moens, Marc},
  booktitle={Proceedings of the ninth conference on European chapter of the Association for Computational Linguistics},
  pages={110--117},
  year={1999},
  organization={Association for Computational Linguistics}
}

@inproceedings{moens2007automatic,
  title={Automatic detection of arguments in legal texts},
  author={Moens, Marie-Francine and Boiy, Erik and Palau, Raquel Mochales and Reed, Chris},
  booktitle={Proceedings of the 11th international conference on Artificial intelligence and law},
  pages={225--230},
  year={2007},
  organization={ACM}
}

@inproceedings{feng2011classifying,
  title={Classifying arguments by scheme},
  author={Feng, Vanessa Wei and Hirst, Graeme},
  booktitle={Proceedings of the 49th Annual Meeting of the Association for Computational Linguistics: Human Language Technologies-Volume 1},
  pages={987--996},
  year={2011},
  organization={Association for Computational Linguistics}
}

@inproceedings{florou2013argument,
  title={Argument extraction for supporting public policy formulation},
  author={Florou, Eirini and Konstantopoulos, Stasinos and Koukourikos, Antonis and Karampiperis, Pythagoras},
  booktitle={Proceedings of the 7th Workshop on Language Technology for Cultural Heritage, Social Sciences, and Humanities},
  pages={49--54},
  year={2013}
}

@article{dunne2011weighted,
  title={Weighted argument systems: Basic definitions, algorithms, and complexity results},
  author={Dunne, Paul E and Hunter, Anthony and McBurney, Peter and Parsons, Simon and Wooldridge, Michael},
  journal={Artificial Intelligence},
  volume={175},
  number={2},
  pages={457},
  year={2011}
}